% This file was created with JabRef 2.9b2.
% Encoding: ISO8859_1

@ARTICLE{test,
  author = {Test},
  title = {Test Title},
  journal = {some journal},
  year = {2001},
  volume = {294--295},
  pages = {736--739}
}
